<record><leader>00000cas a22000007a 4500</leader><controlfield tag="001">17899988</controlfield><controlfield tag="008">880505d18921894ohudn ne      0    0eng d</controlfield><datafield ind1=" " ind2=" " tag="010"><subfield code="a">sn 88078451 </subfield></datafield><datafield ind1=" " ind2=" " tag="040"><subfield code="a">ONP</subfield><subfield code="b">eng</subfield><subfield code="c">ONP</subfield><subfield code="d">OCLCQ</subfield></datafield><datafield ind1=" " ind2=" " tag="042"><subfield code="a">msc</subfield></datafield><datafield ind1="0" ind2="0" tag="245"><subfield code="a">Alliance daily review and daily leader.</subfield></datafield><datafield ind1=" " ind2=" " tag="260"><subfield code="a">Alliance, Ohio :</subfield><subfield code="b">Standard Review Pub. Co.,</subfield><subfield code="c">1892-</subfield></datafield><datafield ind1=" " ind2=" " tag="310"><subfield code="a">Daily (except Sun.)</subfield></datafield><datafield ind1="0" ind2=" " tag="362"><subfield code="a">Vol. 4, no. 90 (Jan. 2, 1892)-</subfield></datafield><datafield ind1="1" ind2=" " tag="362"><subfield code="a">Ceased in 1894.</subfield></datafield><datafield ind1=" " ind2=" " tag="580"><subfield code="a">Weekly ed.: Alliance standard review.</subfield></datafield><datafield ind1=" " ind2=" " tag="752"><subfield code="a">United States</subfield><subfield code="b">Ohio</subfield><subfield code="c">Stark</subfield><subfield code="d">Alliance.</subfield></datafield><datafield ind1="1" ind2=" " tag="775"><subfield code="t">Alliance standard review</subfield><subfield code="w">(DLC)sn 88078454</subfield></datafield><datafield ind1="0" ind2="4" tag="780"><subfield code="t">Alliance daily leader (Alliance, Ohio : 1887)</subfield></datafield><datafield ind1="0" ind2="4" tag="780"><subfield code="t">Alliance daily review (Alliance, Ohio : 1888)</subfield><subfield code="w">(DLC)sn 88078452</subfield></datafield><datafield ind1="0" ind2="0" tag="785"><subfield code="t">Alliance daily review (Alliance, Ohio : 1895)</subfield><subfield code="w">(DLC)sn 88078450</subfield></datafield></record>